@book{Drynski1976,
  author    = {Tadeusz Dryński},
  title     = {Ćwiczenia laboratoryjne z fizyki},
  publisher = {Państwowe Wydawnictwo Naukowe},
  year      = {1976},
  address   = {Warszawa},
  edition   = {5},
  language  = {polski}
}

@misc{lab11manual,
  title        = {Wyznaczanie elipsoidy bryły sztywnej},
  author       = {Instytut Fizyki Doświadczalnej UWr},
  year         = {2023},
  institution  = {Uniwersytet Wrocławski},
  howpublished = {\url{https://wfa.uwr.edu.pl/wp-content/uploads/sites/216/2023/10/Mech.11-2023.pdf}},
  note         = {Wstęp do ćwiczenia nr 11, I Pracownia Fizyczna}
}

@misc{wspolczynnik_rozszeralnosci,
  title        = {Rozszerzalność cieplna},
  author       = {Wikipedia},
  year         = {2024},
  howpublished = {\url{https://pl.wikipedia.org/wiki/Rozszerzalno%C5%9B%C4%87_cieplna}},
  note         = {Dostęp: 14.04.2024}
}

@book{fizyka_dla_szkół_wyższych_tom_2,
  author       = {William Moebs and Samuel J. Ling and Jeff Sanny},
  title        = {Fizyka dla szkół wyższych, Tom 2},
  publisher    = {OpenStax},
  year         = {2018},
  howpublished = {\url{https://openstax.org/books/fizyka-dla-szk%C3%B3%C5%82-wy%C5%BCszych-tom-2/pages/1-4-przekazywanie-ciepla-cieplo-wlasciwe-i-kalorymetria}},
  note         = {Dostęp: 14.04.2024}
}

@misc{lab12_pwr,
  title        = {Napięcie powierzchniowe},
  author       = {Zbigniew Gumienny},
  year         = {2023},
  institution  = {Politechnika Wrocławska},
  howpublished = {\url{https://lpf.wppt.pwr.edu.pl/opisy/cw033.pdf}}
}

@misc{SurfaceTensionDE2024,
  author       = {{DataPhysics Instruments GmbH}},
  title        = {Surface tension values of some common test liquids for surface energy analysis},
  howpublished = {\url{https://www.surface-tension.de/common-liquids/}},
  year         = {2024},
  note         = {Accessed on June 2, 2025}
}

@misc{SchoolphysicsST2024,
  author       = {{schoolphysics.co.uk}},
  title        = {Surface Tension},
  howpublished = {\url{http://www.schoolphysics.co.uk/age16-19/Thermal%20physics/Properties%20of%20matter/text/Surface_tension/index.html}},
  year         = {2024},
  note         = {Accessed on June 2, 2025}
}

@misc{ChemLibreTextsST,
  author       = {{Chem LibreTexts}},
  title        = {Surface Tension},
  howpublished = {\url{https://chem.libretexts.org/Bookshelves/Physical_and_Theoretical_Chemistry_Textbook_Maps/Supplemental_Modules_(Physical_and_Theoretical_Chemistry)/Physical_Properties_of_Matter/States_of_Matter/Properties_of_Liquids/Surface_Tension}},
  organization = {LibreTexts},
  note         = {Accessed on June 2, 2025. The content on LibreTexts is often updated; it's advisable to check the specific page for its last update date if required for citation.}
}